@ARTICLE{blazevich,
	author={Blazevich, Anthony J. and Babault, Nicolas},   
	title={Post-activation Potentiation Versus Post-activation Performance Enhancement in Humans: Historical Perspective, Underlying Mechanisms, and Current Issues},      
	volume={10},      
	year={2019},      
	doi={10.3389/fphys.2019.01359},  
	URL={https://www.frontiersin.org/article/10.3389/fphys.2019.01359},       
	journaL={Frontiers in Physiology},      
}

@article{hodgson,
	author = {Hodgson, Matt and Docherty, David and Robbins, Dan},
	title = {Post-activation potentiation: underlying physiology and implications for motor performance},
	volume = {35},
	number = {7},
	pages = {585-95},
	year = {2005},
	URL = {https://pubmed.ncbi.nlm.nih.gov/16026172/},
	journal = {Sports medicine (Auckland, N.Z.)}
}


@article{rodriguez,
	author = {Rodriguez-Falces, Javier and Maffiuletti, Nicola A. and Place, Nicolas},
	title = {Twitch and M-wave potentiation induced by intermittent maximal voluntary quadriceps},
	volume = {48},
	number = {6},
	pages = {920-29},
	year = {2013},
	doi={10.1002/mus.23856},  
	URL = {https://pubmed.ncbi.nlm.nih.gov/23536413/},
	journal = {Muscle \& Nerve}
}

@article{sasaki,
	author={Kazushige Sasaki and Yukie Tomioka and Naokata Ishii},
	title={Activation of fast‐twitch fibers assessed with twitch potentiation},
	volume={46},
	number={2}
	pages = {218-27},
	year={2012},
	doi={10.1002/mus.23290},  
	URL = {https://pubmed.ncbi.nlm.nih.gov/22806371/},
	journal={Muscle \& Nerve},
}

@article {wannop,
      author = "John W. Wannop and Jay T. Worobets and Darren J. Stefanyshyn",
      title = "Normalization of Ground Reaction Forces, Joint Moments, and Free Moments in Human Locomotion",
      volume = "28",
      number = "6",
      pages = "665 - 676",
      year = "2012",
      doi = "10.1123/jab.28.6.665",
      url = "https://journals.humankinetics.com/view/journals/jab/28/6/article-p665.xml",
      journal = "Journal of Applied Biomechanics",
}

@article {moiso,
      author = "Moisio, Kirsten C. and Sumner, Dale R. and Shott, Susan and  Hurwitz, Debra E.",
      title = "Normalization of joint moments during gait: a comparison of two techniques",
      volume = "36",
      number = "4",
      pages = "599 - 603",
      year = "2003",
      doi = "10.1016/s0021-9290(02)00433-5",
      url = "https://pubmed.ncbi.nlm.nih.gov/12600350/",
      journal = "Journal of Biomechanics",
}

@article {yoshioka,
      author = "Yoshioka, Shinsuke and Nagano, Akinori and Himeno, Ryutaro and Fukashiro, Senshi",
      title = "Computation of the kinematics and the minimum peak joint moments of sit-to-stand movements",
      volume = "6",
      number = "26",
      year = "2007",
      doi = "10.1186/1475-925X-6-26",
      url = "https://biomedical-engineering-online.biomedcentral.com/articles/10.1186/1475-925X-6-26",
      journal = "BioMedical Engineering OnLine",
}

@article {fry,
      author = "Fry, Andrew C. and Smith, J. Chadwick and Schilling, Brian K.",
      title = "Effect of knee position on hip and knee torques during the barbell squat.",
      volume = "17",
      number = "4",
      year = "2003",
      doi = "10.1519/1533-4287(2003)017<0629:eokpoh>2.0.co;2",
      url = "https://pubmed.ncbi.nlm.nih.gov/14636100/",
      journal = "Journal of Strength and Conditioning Research",
}

@book{winter,
  author    = {Winter, David A.}, 
  title     = {Biomechanics and Motor Control of Human Movement},
  edition = {Fourth},
  isbn = {978-0-470-39818-0},
  publisher = {Wiley},
  address   = {Hoboken, N.J.},
  year      = 2009,
}

@article {hof,
      author = "Hof, A. L.",
      title = "An explicit expression for the moment in multibody systems",
      volume = "25",
      number = "10",
      pages = {1209-1211},
      year = "1992",
      doi = "10.1016/0021-9290(92)90076-d",
      url = "https://pubmed.ncbi.nlm.nih.gov/1400520/",
      journal = "Journal of Biomechanics",
}

@article {maffulietti,
      author = "Maffiuletti, Nicola A. and Minetto, Marco A. and Farina, Dario and Bottinelli, Roberto",
      title = "Electrical stimulation for neuromuscular testing and training: state-of-the art and unresolved issues",
      volume = "111",
      number = "10",
      pages = {2391-2397},
      year = "2011",
      doi = "10.1007/s00421-011-2133-7",
      url = "https://link.springer.com/article/10.1007/s00421-011-2133-7",
      journal = "European Journal of Applied Physiology",
}

@article {richards,
      author = "Richards, Jim and Selfe, James and Sinclair, Jonathan and May, Karen and Thomas, Gavin",
      title = "The effect of different decline angles on the biomechanics of double limb squats and ",
      volume = "52",
      pages = {125-138},
      year = "2016",
      doi = "10.1515/hukin-2015-0200",
      url = "https://pubmed.ncbi.nlm.nih.gov/28149400/",
      journal = "Journal of Human Kinetics",
}

@article {pataky,
      author = "Pataky, Todd C. and Robinson, Mark A. and Vanrenterghem, Jos",
      title = "Vector field statistical analysis of kinematic and force trajectories",
      volume = "46",
      number = {14},
      pages = {2394-401},
      year = "2013",
      doi = "10.1016/j.jbiomech.2013.07.031",
      url = "https://pubmed.ncbi.nlm.nih.gov/23948374/",
      journal = "Journal of Biomechanics",
}

@article {brown,
      author = "Brown, G. L. and von Euler, U. S.",
      title = "The after effects of a tetanus on mammalian muscle",
      volume = "93",
      number = {1},
      pages = {39-60},
      year = "1938",
      doi = "10.1113/jphysiol.1938.sp003623",
      url = "https://www.ncbi.nlm.nih.gov/pmc/articles/PMC1393515/",
      journal = "The Journal of Physiology",
}

@article {brown,
      author = "O'Leary, D. D. and Hope, K. and Sale, D. G.",
      title = "Posttetanic potentiation of human dorsiflexors.",
      volume = "83",
      number = {6},
      pages = {2131-8},
      year = "1997",
      doi = "10.1152/jappl.1997.83.6.2131",
      url = "https://pubmed.ncbi.nlm.nih.gov/9390991/",
      journal = "The Journal of Applied Physiology",
}

@article {mccann,
      author = "McCann, Matthew R. and Flanagan, Sean P.",
      title = "The effects of exercise selection and rest interval on postactivation potentiation",
      volume = "24",
      number = {5},
      pages = {1285-91},
      year = "2010",
      doi = "10.1519/JSC.0b013e3181d6867c",
      url = "https://pubmed.ncbi.nlm.nih.gov/20393352/",
      journal = "Journal of Strength and Conditioning Research",
}

@article {skurvydas,
      author = "Skurvydas, Albertas and Jurgelaitiene, Giedre and Kamandulis, Sigitas and Mickeviciene, Dalia and Brazaitis, Marius and Valanciene, Dovile and Karanauskiene, Diana and Mickevicius, Mantas and Mamkus, Gediminas",
      title = "What are the best isometric exercises of muscle potentiation?",
      volume = "119",
      number = {4},
      pages = {1029-1039},
      year = "2019",
      doi = "10.1007/s00421-019-04092-y",
      url = "https://pubmed.ncbi.nlm.nih.gov/30734104/",
      journal = "European Journal of Applied Physiology",
}

@article {rassier,
      author = "Rassier, D. E. and MacIntosh, B. R.",
      title = "Coexistence of potentiation and fatigue in skeletal muscle.",
      volume = "33",
      number = {5},
      pages = {499-508},
      year = "2000",
      doi = "10.1590/s0100-879x2000000500003",
      url = "https://pubmed.ncbi.nlm.nih.gov/10775880/",
      journal = "Brazilian Journal of Medical and Biological Research ",
}

@article {gossen,
      author = "Gossen, E. R. and Sale, D. G.",
      title = "Effect of postactivation potentiation on dynamic knee extension performance",
      volume = "83",
      number = {6},
      pages = {524-30},
      year = "2000",
      doi = "10.1007/s004210000304",
      url = "https://pubmed.ncbi.nlm.nih.gov/11192060/",
      journal = "European Journal of Applied Physiology",
}

@article {sale,
      author = "Sale, D. G.",
      title = "Postactivation potentiation: role in human performance",
      volume = "30",
      number = {3},
      pages = {138-43},
      year = "2002",
      doi = "10.1097/00003677-200207000-00008",
      url = "https://pubmed.ncbi.nlm.nih.gov/12150573/",
      journal = "Exercise and Sport Sciences Reviews",
}

[21] Grange RW, Vandenboom R, Houston ME. Physiological significanceof myosin phosphorylation in skeletal muscle. Can J Appl Physiol 1993; 18 (3): 229-4
[22] Enoka RM, Hutton RS, Eldred E. Changes in excitability oftendon tap and Hoffmann reflexes following voluntary contractions. Electroencephalogr Clin Neurophysiol 1980; 48 (6): 664-72
[23] Gollhofer A, Schopp A, Rapp W, et al. Changes in reflex excitability following isometric contraction in humans. Eur JAppl Physiol Occup Physiol 1998; 77 (1-2): 89-97. 
[24] Guillich A, Schmidtbleicher D. MVC-induced short-term potentiation of explosive force. N Stud Athlet 1996; 11 (4): 67-81
[25] Hultborn H, Illert M, Nielsen J, et al. On the mechanism of the post-activation depression of the H-reflex in human subjects. Exp Brain Res 1996; 108 (3): 450-62
[26] Trimble MH, Harp SS. Postexercise potentiation of the H-reflex in humans. Med Sci Sports Exerc 1998; 30 (6): 933-41 van Boxtel A. Differential effects of low-frequency depression, vibration-induced inhibition, and posttetanic potentiation on H-reflexes and tendon jerks in the human soleus muscle. J Neurophysiol 1986; 55 (3): 551-68
[27] Hamada T, Sale DG, MacDougall JD, et al. Postactivation potentiation, fiber type, and twitch contraction time in human  knee extensor muscles. J Appl Physiol 2000; 88 (6): 2131-7
[28] Vandervoort AA, Quinlan J, McComas AJ. Twitch potentiation after voluntary contraction. Exp Neurol 1983; 81 (1): 141-52),
[29] Cochrane DJ, Stannard SR, Firth EC, Rittweger J. Acute whole-body vibration elicits post-activation potentiation. Eur J Appl Physiol. 2010 Jan;108(2):311-9. doi: 10.1007/s00421-009-1215-2. 
[30] Kuu S, Gapeyeva H, Ereline J, Pääsuke M. Twitch contractile properties of plantarflexor muscles in young and middle-aged recreationally physically active and non-active women. Aging Clin Exp Res. 2007 Feb;19(1):48-54. 
[31] Wallace BJ, Shapiro R, Wallace KL, Abel MG, Symons TB. Muscular and Neural Contributions to Postactivation Potentiation. J Strength Cond Res. 2019 Mar;33(3):615-625
[32] Friston K, Holmes A, Worsley K, Poline J, Frith C, Frackowiak R. Statistical parametric maps in functional imaging: a general linear approach. Human Brain Mapping. 1995; 2(4):189–210.
[33] Pataky TC, Vanrenterghem J, Robinson MA. Zero- vs. one-dimensional, parametric vs. non-parametric, and confidence interval vs. hypothesis testing procedures in one-dimensional biomechanical trajectory analysis. J Biomech. 2015 May 1;48(7):1277-85
[34] Pataky TC. One-dimensional statistical parametric mapping in Python. Comput Methods Biomech Biomed Engin. 2012;15(3):295-301. 
[35] Pataky TC, Robinson MA, Vanrenterghem J. Region-of-interest analyses of one-dimensional biomechanical trajectories: bridging 0D and 1D theory, augmenting statistical power. PeerJ. 2016 Nov 2;4:e2652
[36] Valenčič V, Knez N. Measuring of skeletal muscles' dynamic properties. Artif Organs. 1997 Mar;21(3):240-2.
[37] Dahmane R, Valenčič V, Knez N, Eržen I. Evaluation of the ability to make non-invasive estimation of muscle contractile properties on the basis of the muscle belly response. Med Biol Eng Comput. 2001 Jan;39(1):51-5
[38] Dahmane R, Djordjevic S, Simunic B, Valencic V. Spatial fiber type distribution in normal human muscle Histochemical and tensiomyographical evaluation. J Biomech. 2005 Dec;38(12):2451-9
[39] Meglič A, Uršič M, Škorjanc A, Đorđević S, Belušič G. The Piezo-resistive MC Sensor is a Fast and Accurate Sensor for the Measurement of Mechanical Muscle Activity. Sensors (Basel). 2019 May 7;19(9):2108.
[40] Šimunič B, Degens H, Rittweger J, Narici M, Mekjavić IB, Pišot R. Noninvasive estimation of myosin heavy chain composition in human skeletal muscle. Med Sci Sports Exerc. 2011 Sep;43(9):1619-25.
[41] Martín-Rodríguez S, Loturco I, Hunter AM, Rodríguez-Ruiz D, Munguia-Izquierdo D. Reliability and Measurement Error of Tensiomyography to Assess Mechanical Muscle Function: A Systematic Review. J Strength Cond Res. 2017 Dec;31(12):3524-3536.
[42] Cè E, Longo S, Limonta E, Coratella G, Rampichini S, Esposito F. Peripheral fatigue: new mechanistic insights from recent technologies. Eur J Appl Physiol. 2020 Jan;120(1):17-39.
[43] Cornelis Jo de Ruiter, Alex de Korte, Sander Schreven, Arnold de Haan: Leg dominancy in relation to fast isometric torque production and squat jump height. Eur J Appl Physiol (2010) 108:247–255. DOI 10.1007/s00421-009-1209-0.
[44] Biscarini, A.; Contemori, S.; Dieni, C.V.; Panichi, R. Joint Torques and Tibiofemoral Joint Reaction Force in the Bodyweight “Wall Squat” Therapeutic Exercise. Appl. Sci. 2020, 10, 3019. https://doi.org/10.3390/app10093019
[45] Escamilla R.F.: Knee biomechanics of the dynamic squat exercise. Med Sci Sports Exerc. 2001 Jan;33(1):127-41. doi: 10.1097/00005768-200101000-00020.
[46] P. Wretenberg, Y. Feng, F. Lindberg, U. p. Arboreilus: Joint moments of force and quadriceps muscle activity during squatting exercise. Scandinavian Journal of Medicine and Science in Sports 3(4): 244–250. DOI:10.1111/j.1600-0838.1993.tb00389.x
[47] JONI A. METTLER and LISA GRIFFIN: POSTACTIVATION POTENTIATION AND MUSCULAR ENDURANCE TRAINING. Muscle Nerve 45: 416–425, 2012. DOI 10.1002/mus.22313.
[48] Daniel Lorenz: POSTACTIVATION POTENTIATION: AN INTRODUCTION. The International Journal of Sports Physical Therapy | Volume 6, Number 3 | September 2011, pp. 234–240.
[49] Samantha K. Andrews, Jesse M. Horodyski, Daniel A. MacLeod, Joseph Whitten and David G. Behm: The Interaction of Fatigue and Potentiation Following an Acute Bout of Unilateral Squats. Journal of Sports Science and Medicine (2016) 15, 625-632.
