@article{blazevich,
	author  = {Blazevich, Anthony J. and Babault, Nicolas},
	title   = {Post-activation Potentiation Versus Post-activation Performance Enhancement in Humans: Historical Perspective, Underlying Mechanisms, and Current Issues},
	volume  = {10},
	pages   = {1359},
	year    = {2019},
	doi     = {10.3389/fphys.2019.01359},
	url     = {https://www.frontiersin.org/article/10.3389/fphys.2019.01359},
	journaL = {Frontiers in Physiology},
}

@article{hodgson,
	author  = {Hodgson, Matt and Docherty, David and Robbins, Dan},
	title   = {Post-activation potentiation: underlying physiology and implications for motor performance},
	volume  = {35},
	number  = {7},
	pages   = {585-95},
	year    = {2005},
	doi     = {10.2165/00007256-200535070-00004 },
	url     = {https://pubmed.ncbi.nlm.nih.gov/16026172/},
	journal = {Sports Medicine (Auckland, N.Z.)},
}

@article{rodriguez-falces,
	author  = {Rodriguez-Falces, Javier and Maffiuletti, Nicola A. and Place, Nicolas},
	title   = {Twitch and M-wave potentiation induced by intermittent maximal voluntary quadriceps contractions: differences between direct quadriceps and femoral nerve stimulation},
	volume  = {48},
	number  = {6},
	pages   = {920-29},
	year    = {2013},
	doi     = {10.1002/mus.23856},
	url     = {https://pubmed.ncbi.nlm.nih.gov/23536413/},
	journal = {Muscle \& Nerve},
}

@article{sasaki,
	author  = {Kazushige Sasaki and Yukie Tomioka and Naokata Ishii},
	title   = {Activation of fast‚Äêtwitch fibers assessed with twitch potentiation},
	volume  = {46},
	number  = {2},
	pages   = {218-27},
	year    = {2012},
	doi     = {10.1002/mus.23290},
	url     = {https://pubmed.ncbi.nlm.nih.gov/22806371/},
	journal = {Muscle \& Nerve},
}

@article {wannop,
      author  = {John W. Wannop and Jay T. Worobets and Darren J. Stefanyshyn},
      title   = {Normalization of Ground Reaction Forces, Joint Moments, and Free Moments in Human Locomotion},
      volume  = {28},
      number  = {6},
      pages   = {665 - 676},
      year    = {2012},
      doi     = {10.1123/jab.28.6.665},
      url     = {https://journals.humankinetics.com/view/journals/jab/28/6/article-p665.xml},
      journal = {Journal of Applied Biomechanics},
}

@article {moiso,
      author  = {Moisio, Kirsten C. and Sumner, Dale R. and Shott, Susan and  Hurwitz, Debra E.},
      title   = {Normalization of joint moments during gait: a comparison of two techniques},
      volume  = {36},
      number  = {4},
      pages   = {599 - 603},
      year    = {2003},
      doi     = {10.1016/s0021-9290(02)00433-5},
      url     = {https://pubmed.ncbi.nlm.nih.gov/12600350/},
      journal = {Journal of Biomechanics},
}

@article {yoshioka,
      author  = {Yoshioka, Shinsuke and Nagano, Akinori and Himeno, Ryutaro and Fukashiro, Senshi},
      title   = {Computation of the kinematics and the minimum peak joint moments of sit-to-stand movements},
      volume  = {6},
      number  = {26},
      year    = {2007},
      doi     = {10.1186/1475-925X-6-26},
      url     = {https://biomedical-engineering-online.biomedcentral.com/articles/10.1186/1475-925X-6-26},
      journal = {BioMedical Engineering OnLine},
}

@article {fry,
      author  = {Fry, Andrew C. and Smith, J. Chadwick and Schilling, Brian K.},
      title   = {Effect of knee position on hip and knee torques during the barbell squat},
      volume  = {17},
      number  = {4},
      year    = {2003},
      doi     = {10.1519/1533-4287(2003)017<0629:eokpoh>2.0.co;2},
      url     = {https://pubmed.ncbi.nlm.nih.gov/14636100/},
      journal = {Journal of Strength and Conditioning Research},
}

@book{winter,
      author    = {Winter, David A.},
      title     = {Biomechanics and Motor Control of Human Movement},
      edition   = {Fourth},
      isbn      = {978-0-470-39818-0},
      publisher = {Wiley},
      address   = {Hoboken, N.J.},
      year      = 2009,
}

@article {hof,
      author  = {Hof, A. L.},
      title   = {An explicit expression for the moment in multibody systems},
      volume  = {25},
      number  = {10},
      pages   = {1209-1211},
      year    = {1992},
      doi     = {10.1016/0021-9290(92)90076-d},
      url     = {https://pubmed.ncbi.nlm.nih.gov/1400520/},
      journal = {Journal of Biomechanics},
}

@article {maffulietti,
      author  = {Maffiuletti, Nicola A. and Minetto, Marco A. and Farina, Dario and Bottinelli, Roberto},
      title   = {Electrical stimulation for neuromuscular testing and training: state-of-the art and unresolved issues},
      volume  = {111},
      number  = {10},
      pages   = {2391-2397},
      year    = {2011},
      doi     = {10.1007/s00421-011-2133-7},
      url     = {https://link.springer.com/article/10.1007/s00421-011-2133-7},
      journal = {European Journal of Applied Physiology},
}

@article {richards,
      author  = {Richards, Jim and Selfe, James and Sinclair, Jonathan and May, Karen and Thomas, Gavin},
      title   = {The effect of different decline angles on the biomechanics of double limb squats and the implications to clinical and training practice},
      volume  = {52},
      pages   = {125-138},
      year    = {2016},
      doi     = {10.1515/hukin-2015-0200},
      url     = {https://pubmed.ncbi.nlm.nih.gov/28149400/},
      journal = {Journal of Human Kinetics},
}

@article {pataky-vector-field,
      author  = {Pataky, Todd C. and Robinson, Mark A. and Vanrenterghem, Jos},
      title   = {Vector field statistical analysis of kinematic and force trajectories},
      volume  = {46},
      number  = {14},
      pages   = {2394-401},
      year    = {2013},
      doi     = {10.1016/j.jbiomech.2013.07.031},
      url     = {https://pubmed.ncbi.nlm.nih.gov/23948374/},
      journal = {Journal of Biomechanics},
}

@article {brown,
      author  = {Brown, G. L. and von Euler, U. S.},
      title   = {The after effects of a tetanus on mammalian muscle},
      volume  = {93},
      number  = {1},
      pages   = {39-60},
      year    = {1938},
      doi     = {10.1113/jphysiol.1938.sp003623},
      url     = {https://www.ncbi.nlm.nih.gov/pmc/articles/PMC1393515/},
      journal = {The Journal of Physiology},
}

@article {oleary,
      author  = {O'Leary, D. D. and Hope, K. and Sale, D. G.},
      title   = {Posttetanic potentiation of human dorsiflexors.},
      volume  = {83},
      number  = {6},
      pages   = {2131-8},
      year    = {1997},
      doi     = {10.1152/jappl.1997.83.6.2131},
      url     = {https://pubmed.ncbi.nlm.nih.gov/9390991/},
      journal = {The Journal of Applied Physiology},
}

@article {mccann,
      author  = {McCann, Matthew R. and Flanagan, Sean P.},
      title   = {The effects of exercise selection and rest interval on postactivation potentiation of vertical jump performance},
      volume  = {24},
      number  = {5},
      pages   = {1285-91},
      year    = {2010},
      doi     = {10.1519/JSC.0b013e3181d6867c},
      url     = {https://pubmed.ncbi.nlm.nih.gov/20393352/},
      journal = {Journal of Strength and Conditioning Research},
}

@article {skurvydas,
      author  = {Skurvydas, Albertas and Jurgelaitiene, Giedre and Kamandulis, Sigitas and Mickeviciene, Dalia and Brazaitis, Marius and Valanciene, Dovile and Karanauskiene, Diana and Mickevicius, Mantas and Mamkus, Gediminas},
      title   = {What are the best isometric exercises of muscle potentiation?},
      volume  = {119},
      number  = {4},
      pages   = {1029-1039},
      year    = {2019},
      doi     = {10.1007/s00421-019-04092-y},
      url     = {https://pubmed.ncbi.nlm.nih.gov/30734104/},
      journal = {European Journal of Applied Physiology},
}

@article {rassier,
      author  = {Rassier, D. E. and MacIntosh, B. R.},
      title   = {Coexistence of potentiation and fatigue in skeletal muscle},
      volume  = {33},
      number  = {5},
      pages   = {499-508},
      year    = {2000},
      doi     = {10.1590/s0100-879x2000000500003},
      url     = {https://pubmed.ncbi.nlm.nih.gov/10775880/},
      journal = {Brazilian Journal of Medical and Biological Research },
}

@article {gossen,
      author  = {Gossen, E. R. and Sale, D. G.},
      title   = {Effect of postactivation potentiation on dynamic knee extension performance},
      volume  = {83},
      number  = {6},
      pages   = {524-30},
      year    = {2000},
      doi     = {10.1007/s004210000304},
      url     = {https://pubmed.ncbi.nlm.nih.gov/11192060/},
      journal = {European Journal of Applied Physiology},
}

@article {sale,
      author  = {Sale, D. G.},
      title   = {Postactivation potentiation: role in human performance},
      volume  = {30},
      number  = {3},
      pages   = {138-43},
      year    = {2002},
      doi     = {10.1097/00003677-200207000-00008},
      url     = {https://pubmed.ncbi.nlm.nih.gov/12150573/},
      journal = {Exercise and Sport Sciences Reviews},
}

@article {grange,
      author  = {Grange, R. W. and Vandenboom, R. and Houston, M. E.},
      title   = {Physiological significance of myosin phosphorylation in skeletal muscle},
      volume  = {18},
      number  = {3},
      pages   = {229-42},
      year    = {1993},
      doi     = {10.1139/h93-020},
      url     = {https://pubmed.ncbi.nlm.nih.gov/8242003/},
      journal = {Canadian Journal of Applied Physiology},
}

@article {enoka,
      author  = {Enoka, R. M. and Hutton, R. S. and Eldred, E.},
      title   = {Changes in excitability of tendon tap and Hoffmann reflexes following voluntary contractions},
      volume  = {48},
      number  = {6},
      pages   = {664-72},
      year    = {1980},
      doi     = {10.1016/0013-4694(80)90423-x},
      url     = {https://pubmed.ncbi.nlm.nih.gov/6155255/},
      journal = {Electroencephalography and Clinical Neurophysiology},
}

@article {gollhofer,
      author  = {Gollhofer, A. and Schopp, A and Rapp, W. and Stroinik, V.},
      title   = {Changes in reflex excitability following isometric contraction in humans.},
      volume  = {77},
      number  = {1-2},
      pages   = {89-97},
      year    = {1998},
      doi     = {10.1007/s004210050305},
      url     = {https://pubmed.ncbi.nlm.nih.gov/9459527/},
      journal = {European Journal of Applied Physiology and Occupational Physiology},
}

% Missing DOI!
@article {guellich,
      author  = {Guellich, Arne and Schmidtbleicher, Dietmar},
      title   = {MVC-induced short-term potentiation of explosiv force},
      volume  = {11},
      number  = {4},
      pages   = {67-84},
      year    = {1996},
      url     = {https://www.researchgate.net/publication/235959534_MVC-induced_short-term_potentiation_of_explosiv_force},
      journal = {New Studies in Athletics},
}

@article {hultborn,
      author  = {Hultborn, H. and Illert, M. and Nielsen, J. and Paul, A. and Ballegaard, M. and Wiese, H.},
      title   = {On the mechanism of the post-activation depression of the H-reflex in human subjects},
      volume  = {108},
      number  = {3},
      pages   = {450-62},
      year    = {1996},
      doi     = {10.1007/BF00227268},
      url     = {https://pubmed.ncbi.nlm.nih.gov/8801125/},
      journal = {Experimental Brain Research},
}

@article {trimble,
      author  = {Trimble, M. H. and Harp, S. S.},
      title   = {Postexercise potentiation of the H-reflex in humans},
      volume  = {30},
      number  = {6},
      pages   = {933-41},
      year    = {1998},
      doi     = {10.1097/00005768-199806000-00024},
      url     = {https://pubmed.ncbi.nlm.nih.gov/9624654/},
      journal = {Medicine and Science in Sports and Exercise},
}

@article {vonboxtel,
      author  = {von Boxtel, Anton},
      title   = {Differential effects of low-frequency depression, vibration-induced inhibition, and posttetanic potentiation on H-reflexes and tendon jerks in the human soleus muscle},
      volume  = {55},
      number  = {3},
      pages   = {551-68},
      year    = {1986},
      doi     = {10.1152/jn.1986.55.3.551},
      url     = {https://pubmed.ncbi.nlm.nih.gov/3514814/},
      journal = {Journal of neurophysiology},
}

@article {hamada,
      author  = {Hamada, T. and Sale, D. G. and MacDougall, J. D. and Tarnopolsky, M. A.},
      title   = {Postactivation potentiation, fiber type, and twitch contraction time in human knee extensor muscles},
      volume  = {88},
      number  = {6},
      pages   = {2131-7},
      year    = {2000},
      doi     = {10.1152/jappl.2000.88.6.2131},
      url     = {https://pubmed.ncbi.nlm.nih.gov/10846027/},
      journal = {Journal of Applied Physiology},
}

@article {vandervoort,
      author  = {Vandervoort, A. A. and Quinlan, J. and McComas, A. J.},
      title   = {Twitch potentiation after voluntary contraction},
      volume  = {81},
      number  = {1},
      pages   = {141-52},
      year    = {1983},
      doi     = {10.1016/0014-4886(83)90163-2},
      url     = {https://pubmed.ncbi.nlm.nih.gov/6861942/},
      journal = {Experimental Neurology},
}

@article {cochrance,
      author  = {Cochrane, Darryl J. and Stannard, Stephen R. and Firth, Elwyn C. and Rittweger, J√∂rn},
      title   = {Acute whole-body vibration elicits post-activation potentiation},
      volume  = {108},
      number  = {2},
      pages   = {311-9},
      year    = {2010},
      doi     = {10.1007/s00421-009-1215-2},
      url     = {https://pubmed.ncbi.nlm.nih.gov/19795130/},
      journal = {European Journal of Applied Physiology},
}

@article {kuu,
      author  = {Kuu, Saima and Gapeyeva, Helena and Ereline, Jaan and P√§√§suke, Mati},
      title   = {Twitch contractile properties of plantarflexor muscles in young and middle-aged recreationally physically active and non-active women},
      volume  = {19},
      number  = {1},
      pages   = {48-54},
      year    = {2007},
      doi     = {10.1007/BF03325210},
      url     = {https://pubmed.ncbi.nlm.nih.gov/17332721/},
      journal = {Aging Clinical and Experimental Research},
}

@article {wallace,
      author  = {Wallace, Brian J. and Shapiro, Robert and Wallace, Kelly L. and Abel, Mark G. and Symons, Thorburn B},
      title   = {Muscular and Neural Contributions to Postactivation Potentiation.},
      volume  = {33},
      number  = {3},
      pages   = {615-625},
      year    = {2019},
      doi     = {10.1519/JSC.0000000000003011},
      url     = {https://pubmed.ncbi.nlm.nih.gov/30589723/},
      journal = {Journal of Strength and Conditioning Research},
}

@article{friston,
author        = {Friston, K. J. and Holmes, A. P. and Worsley, K. J. and Poline, J.-P. and Frith, C. D. and Frackowiak, R. S. J.},
      title   = {Statistical parametric maps in functional imaging: A general linear approach},
      volume  = {2},
      number  = {4},
      pages   = {189-210},
      year    = {1995},
      doi     = {10.1002/hbm.460020402},
      url     = {https://onlinelibrary.wiley.com/doi/abs/10.1002/hbm.460020402},
      journal = {Human Brain Mapping},
}

@article{pataky,
author        = {Pataky, Todd C. and Vanrenterghem, Jos and Robinson, Mark A.},
      title   = {Zero- vs. one-dimensional, parametric vs. non-parametric, and confidence interval vs. hypothesis testing procedures in one-dimensional biomechanical trajectory analysis},
      volume  = {48},
      number  = {7},
      pages   = {1277-85},
      year    = {2015},
      doi     = {10.1016/j.jbiomech.2015.02.051},
      url     = {https://pubmed.ncbi.nlm.nih.gov/25817475/},
      journal = {Journal of Biomechanics},
}

@article{pataky-spm1d,
      author  = {Pataky, Todd},
      title   = {One-dimensional statistical parametric mapping in Python},
      volume  = {15},
      number  = {3},
      pages   = {295-301},
      year    = {2011},
      doi     = {10.1080/10255842.2010.527837},
      url     = {https://pubmed.ncbi.nlm.nih.gov/21756121/},
      journal = {Computer Methods in Biomechanics and Biomedical Engineering},
}

@article{pataky-roi,
      author  = {Pataky, Todd C. and Robinson, Mark A. and Vanrenterghem, Jos},
      title   = {Region-of-interest analyses of one-dimensional biomechanical trajectories: bridging 0D and 1D theory, augmenting statistical power},
      volume  = {4},
      pages   = {e2652},
      year    = {2016},
      doi     = {10.7717/peerj.2652},
      url     = {https://pubmed.ncbi.nlm.nih.gov/27833816/},
      journal = {PeerJ},
}

@article{valenƒçiƒç,
      author  = {Valenƒçiƒç, Vojko and Knez, Nata≈°a},
      title   = {Measuring of skeletal muscles' dynamic properties},
      volume  = {21},
      number  = {3},
      pages   = {240-242},
      year    = {1997},
      doi     = {https://doi.org/10.1111/j.1525-1594.1997.tb04658.x},
      url     = {https://pubmed.ncbi.nlm.nih.gov/9148715/},
      journal = {Artificial Organs},
}

@article{dahmane-measurement,
      author  = {Dahmane, Raja and Valenƒçiƒç, V. and Knez, Nikola and Erzen, Ida},
      title   = {Evaluation of the ability to make non-invasive estimation of muscle contractile properties on the basis of the muscle belly response},
      volume  = {39},
      number  = {1},
      pages   = {51-55},
      year    = {2001},
      doi     = {10.1007/BF02345266},
      url     = {https://link.springer.com/article/10.1007/BF02345266},
      journal = {Medical \& Biological Engineering \& Computing},
}

@article{dahmane-fiber,
      author  = {Dahmane, Raja and Djordjevic, Srdjan and Simunic, Bostjan and Valencic, Vojko},
      title   = {Spatial fiber type distribution in normal human muscle histochemical and tensiomyographical evaluation},
      volume  = {38},
      number  = {12},
      pages   = {2451-9},
      year    = {2005},
      doi     = {10.1016/j.jbiomech.2004.10.020},
      url     = {https://pubmed.ncbi.nlm.nih.gov/16214493/},
      journal = {Journal of Biomechanics},
}

@article{meglic,
      author  = {Megliƒç, Andrej and Ur≈°iƒç, Mojca and ≈†korjanc, Ale≈° and Djordjevic, Srdjan and Belusic, Gregor},
      title   = {The piezo-resistive MC sensor is a fast and accurate sensor for the measurement of mechanical muscle activity},
      volume  = {19},
      number  = {9},
      pages   = {2108},
      year    = {2019},
      doi     = {10.3390/s19092108},
      url     = {https://www.mdpi.com/1424-8220/19/9/2108},
      journal = {Sensors},
}

@article{≈°imuniƒç,
      author  = {≈†imuniƒç, Bo≈°tjan and Degens, Hans and Rittweger, Jorn and Vincenzo Narici, Marco and Mekjaviƒá, Igor B. and Pi≈°ot, Rado},
      title   = {Noninvasive estimation of myosin heavy chain composition in human skeletal muscle},
      volume  = {43},
      number  = {9},
      pages   = {1619-25},
      year    = {2011},
      doi     = {10.1249/MSS.0b013e31821522d0},
      url     = {https://pubmed.ncbi.nlm.nih.gov/21552151/},
      journal = {Medicine and Science in Sports and Exercise},
}

@article{martin-rodriguez,
      author  = {Sa√∫l Mart√≠n-Rodr√≠guez and Loturco, Irineu and Hunter, Angus M. and Rodr√≠guez-Ruiz, David and Mungu√≠a-Izquierdo, Diego},
      title   = {Reliability and measurement error of tensiomyography to assess mechanical muscle function: a systematic review},
      volume  = {31},
      number  = {12},
      pages   = {3524‚Äì3536},
      year    = {2017},
      doi     = {10.1519/JSC.0000000000002250},
      url     = {https://pubmed.ncbi.nlm.nih.gov/28930871/},
      journal = {Journal of Strength and Conditioning Research},
}

@article{ce,
      author  = {C√®, Emiliano and Longo, Stefano and Limonta, Eloisa and Coratella, Giuseppe and Rampichini, Susanna and Esposito, Fabio},
      title   = {Peripheral fatigue: new mechanistic insights from recent technologies},
      volume  = {120},
      number  = {1},
      pages   = {17-39},
      year    = {2020},
      doi     = {10.1007/s00421-019-04264-w},
      url     = {https://pubmed.ncbi.nlm.nih.gov/31745629/},
      journal = {European Journal of Applied Physiology},
}

@article{cornelis,
      author  = {Ruiter, Cornelis and Korte, Alex and Schreven, Sander and Haan, Arnold},
      title   = {Leg dominancy in relation to fast isometric torque production and squat jump height},
      volume  = {108},
      pages   = {247-55},
      year    = {2009},
      doi     = {10.1007/s00421-009-1209-0},
      url     = {https://www.ncbi.nlm.nih.gov/pmc/articles/PMC2799630/},
      journal = {European Journal of Applied Physiology},
}

@article{biscarini,
      author  = {Biscarini, Andrea and Contemori, Samuele and Dieni, Cristina V. and Panichi, Roberto},
      title   = {Joint Torques and Tibiofemoral Joint Reaction Force in the Bodyweight ‚ÄúWall Squat‚Äù Therapeutic Exercise},
      volume  = {10},
      number  = {9},
      year    = {2020},
      doi     = {10.3390/app10093019},
      url     = {https://www.mdpi.com/2076-3417/10/9/3019},
      journaL = {Applied Sciences},
}

@article{escamilla,
      author  = {Escamilla, Rafael},
      title   = {Knee biomechanics of the dynamic squat exercise},
      volume  = {33},
      number  = {1},
      pages   = {127-41},
      year    = {2001},
      doi     = {10.1097/00005768-200101000-00020},
      url     = {https://pubmed.ncbi.nlm.nih.gov/11194098/},
      journal = {Medicine and Science in Sports and Exercise},
}

@article{wretenberg,
      author  = {Wretenberg, P. and Feng, Y. and Lindberg, Fredrik and Arborelius, Ulf},
      title   = {Joint moments of force and quadriceps muscle activity during squatting exercise},
      volume  = {3},
      number  = {4},
      pages   = {244-250},
      year    = {2007},
      doi     = {10.1111/j.1600-0838.1993.tb00389.x},
      url     = {https://onlinelibrary.wiley.com/doi/abs/10.1111/j.1600-0838.1993.tb00389.x},
      journal = {Scandinavian Journal of Medicine \& Science in Sports},
}

@article{mettler,
      author  = {Mettler, Joni A. and Griffin, Lisa},
      title   = {Postactivation potentiation and muscular endurance training},
      volume  = {45},
      number  = {3},
      pages   = {416-25},
      year    = {2012},
      doi     = {10.1002/mus.22313},
      url     = {https://pubmed.ncbi.nlm.nih.gov/22334177/},
      journal = {Muscle \& Nerve},
}

% Missing DOI!
@article{lorenz,
      author  = {Lorenz, Daniel},
      title   = {Postactivation potentiation: An introduction},
      volume  = {6},
      number  = {3},
      pages   = {234-40},
      year    = {2011},
      url     = {https://pubmed.ncbi.nlm.nih.gov/21904700/},
      journal = {International Journal of Sports Physical Therapy},
}

@article{andrews,
      author  = {Andrews, Samantha and Horodyski, Jesse and Macleod, Daniel and Whitten, Joseph and Behm, David},
      title   = {The Interaction of Fatigue and Potentiation Following an Acute Bout of Unilateral Squats},
      volume  = {15},
      number  = {4},
      pages   = {625-632},
      year    = {2016},
      journal = {Journal of Sport Science and Medicine},
      url     = {https://pubmed.ncbi.nlm.nih.gov/27928208/},
}

@book{python,
 author = {Van Rossum, Guido and Drake, Fred L.},
 title = {Python 3 Reference Manual},
 year = {2009},
 isbn = {1441412697},
 publisher = {CreateSpace},
 address = {Scotts Valley, CA}
}
